<?xml version="1.0" encoding="UTF-8"?><collection xmlns="http://www.loc.gov/MARC21/slim"><record><leader>00399nam--2200133-i-4500</leader><controlfield tag="001">000027359</controlfield><controlfield tag="002">20161230</controlfield><controlfield tag="005">20161230201036</controlfield><controlfield tag="008">060222s1000------------r-----000-0-eng-d</controlfield><datafield ind1=" " ind2=" " tag="080"><subfield code="a">512.64:517.98:517.518.12</subfield></datafield><datafield ind1=" " ind2=" " tag="100"><subfield code="a">Korevaar, Jacob</subfield></datafield><datafield ind1=" " ind2=" " tag="245"><subfield code="a">Mathematical methods. vol.1.linear algebra. normed spaces. distributions. integration</subfield></datafield><datafield ind1=" " ind2=" " tag="260"><subfield code="a">New York, Acad.Press, 1968. X + 505p</subfield></datafield><datafield ind1=" " ind2=" " tag="852"><subfield code="a">30529</subfield></datafield></record></collection>